@string{ACM_Survey = "{ACM} Computing Surveys"}
@string{APPT = "International Conference on Advanced Parallel Processing Technologies"}
@string{ASE = "International Conference on Automated Software Engineering"}
@string{ASE-Demo = "International Conference on Automated Software Engineering (Tool Demonstrations Track)"}
@string{COMPSAC = "International Computer Software and Applications Conference"}
@string{CSMR = "European Conference on Software Maintenance and Reengineering"}
@string{Computer = "IEEE Computer"}
@string{ESEC/FSE = "European Software Engineering Conference and Symposium on the Foundations of Software Engineering"}
@string{ESEC/FSE-Demo = "European Software Engineering Conference and Symposium on the Foundations of Software Engineering (Tool Demonstrations Track)"}
@string{ESEJ = "Empirical Software Engineering Journal"}
@string{ESEM = "International Symposium on Empirical Software Engineering and Measurement"}
@string{FM = "International Symposium on Formal Methods"}
@string{FSE = "International Symposium on Foundations of Software Engineering"}
@string{FSE-Demo = "International Symposium on Foundations of Software Engineering (Tool Demonstrations Track)"}
@string{ICPC = "International Conference on Program Comprehension"}
@string{ICSE = "International Conference on Software Engineering"}
@string{ICSE-Demo = "International Conference on Software Engineering (Tool Demonstrations Track)"}
@string{ICSE-SEIP = "International Conference on Software Engineering, Software Engineering in Practice"}
@string{ICSECompanion = "International Conference on Software Engineering Companion"}
@string{ICSM = "International Conference on Software Maintenance"}
@string{ICSME-NIER = "International Conference on Software Maintenance and Evolution (New Ideas and Emerging Results Track)"}
@string{ICTCS = "International Conference on Testing Computer Software"}
@string{IJCAI = "International Joint Conference on Artificial Intelligence"}
@string{ISSRE = "International Symposium on Software Reliability Engineering"}
@string{ISSTA = "International Symposium on Software Testing and Analysis"}
@string{IST = "Journal of Information and Software Technology"}
@string{JCSS = "Journal of Computer and System Sciences"}
@string{MSR = "Mining Software Repositories"}
@string{MTD = "International Workshop on Managing Technical Debt"}
@string{OOPSLA = "Conference on Object-Oriented Programming, Systems, Languages, and Applications"}
@string{PACMPL = "Proceedings of the ACM on Programming Languages"}
@string{POPL = "Symposium on Principles of Programming Languages"}
@string{PRECS = "International Workshop on Practical Reproducible Evaluation of Computer Systems"}
@string{PROMISE = "International Conference on Predictive Models and Data Analytics in Software Engineering"}
@string{PROG = "Programming Journal"}
@string{SBES = "Brazilian Symposium on Software Engineering"}
@string{SCAM = "International Working Conference on Source Code Analysis and Manipulation"}
@string{SQM = "International Conference on Software Quality Management"}
@string{SBSE = "Search-Based Software Engineering"}
@string{SWQD = "Software Quality Days Conference"}
@string{STVR = "Journal of Software Testing, Verification and Reliability"}
@string{TACAS = "Tools and Algorithms for the Construction and Analysis of Systems"}
@string{TOSEM = "ACM Transactions on Software Engineering Methodology"}
@string{TSE = "IEEE Transactions on Software Engineering"}

@string{FSEIndustry = "Symposium on the Foundations of Software Engineering, industry track"}
@string{PROFES = "Product-Focused Software Process Improvement"}
@string{OOPSLACompanion = "Companion Proceedings of the Conference on Object-Oriented Programming, Systems, Languages, and Applications"}
@string{SPLASHCompanion = "Companion Proceedings of the International Conference on Systems, Programming, Languages and Applications: Software for Humanity"}
@string{PLDI = "Conference on Programming Language Design and Implementation"}
@string{ICST = "International Conference on Software Testing, Verification, and Validation"}
@string{PPPJ = "International Conference on Principles and Practices of Programming on the Java Platform: Virtual Machines, Languages, and Tools"}
@string{ENCRESS = "International Conference on Reliability, Quality and Safety of Software-Intensive Systems"}
@string{eTX = "Eclipse Technology Exchange: eTX and the Eclipse Phenomenon"}
@string{ICSE-NIER = "International Conference on Software Engineering (New Ideas and Emerging Results Track)"}
@string{ICSE-SRC = "International Conference on Software Engineering (Student Research Competition Track)"}
@string{CACM = "Communications of the ACM"}
@string{SAS = "Static Analysis Symposium"}
@string{ECOOP = "European Conference on Object-Oriented Programming"}
@string{APLAS = "Asian Symposium on Programming Languages and Systems"}
@string{SOOPPA = "Symposium on Object-Oriented Programming Emphasizing Practical Applications"}
@string{IEEE_Software = "{IEEE} Software"}
@string{PASTE = "Workshop on Program Analysis for Software Tools and Engineering"}
@string{IJSTTT = "International Journal on Software Tools for Technology Transfer"}
@string{RV = "International Conference on Runtime Verification"}
@string{RVDemo = "International Conference on Runtime Verification (Tools Demonstration Track)"}
@string{PLAS = "Workshop on Programming Languages and Analysis for Security"}
@string{ICFEM = "International Conference on Formal Engineering Methods"}
@string{SEKE = "International Conference on Software Engineering and Knowledge Engineering"}
@string{JSEKE = "International Journal on Software Engineering and Knowledge Engineering"}
@string{JSS = "Journal of Systems and Software"}
@string{FASE = "International Conference on Fundamental Approaches to Software Engineering"}
@string{JOOP = "Journal of Object-Oriented Programming"}
@string{NTC = "National Telecommunications Conference"}
@string{TOPLAS = "ACM Transactions on Programming Languages and Systems"}
@string{TSC = "IEEE Transactions on Services Computing"}
@string{APSEC = "Asia-Pacific Software Engineering Conference"}
@string{WWW = "International conference on World Wide Web"}
@string{CAV = "International Conference on Computer Aided Verification"}
@string{SQJ = "Software Quality Journal"}
@string{PNSQC = "Pacific Northwest Software Quality Conference"}
@string{IWSPE = "International Workshop on Principles of Software Evolution"}

% Links

@misc{link:brittlegui,
    author = {Hoagland, Clint},
    title = {Fixing the brittleness problem with {GUI} tests},
    howpublished = {\url{https://www.stickyminds.com/articles/fixing-brittleness-problem-gui-tests}},
    year = 2014,
}

@misc{link:dtdataset,
    title = {{iDFlakies: F}laky Test Dataset},
    howpublished = {\url{https://sites.google.com/view/flakytestdataset}},
    year = 2019,
}

% Tools

@misc{tool:bazel,
    title = {Bazel},
    howpublished = {\url{https://bazel.build}},
    year = 2017,
}

@misc{tool:buck,
    title = {Buck: A high-performance build tool},
    howpublished = {https://buck.build},
    year = 2020,
}

@misc{tool:docker,
    title={Docker},
    howpublished={\url{https://www.docker.com}},
    year = 2018,
}

@misc{tool:fastbuild,
    title = {{FASTB}uild},
    howpublished = {\url{http://www.fastbuild.org/docs/home.html}},
    year = 2017,
}

@misc{tool:ifixflakies,
    title = {{iFixFlakies} Framework},
    howpublished = {\url{https://sites.google.com/view/ifixflakies}},
    year = 2019,
}

@misc{tool:javaparser,
    title = {{J}ava{P}arser},
    howpublished = {\url{http://javaparser.org}},
    year = 2019,
}

@misc{tool:maven,
    title = {Apache {M}aven Project},
    howpublished = {\url{https://maven.apache.org}},
    year = 2020,
}

@misc{tool:multiclass,
    title={Multiclass classification},
    howpublished={\url{https://en.wikipedia.org/wiki/Multiclass_classification}},
    year = 2018,
}

@misc{tool:ninja,
    title = {Ninja},
    howpublished = {\url{https://github.com/ninja-build/ninja}},
    year = 2020,
}

@misc{tool:pit,
    title = {{PIT} Mutation Testing},
    howpublished = {\url{http://pitest.org}},
    year = 2018,
}

@misc{tool:pit-operators,
    title={{PIT} Mutation Operators},
    howpublished={\url{http://pitest.org/quickstart/mutators}},
    year = 2018,
}

@misc{tool:travis,
    title = {{Travis-CI}},
    howpublished = {\url{https://travis-ci.org}},
    year = 2018,
}

@misc{tool:travis-docker,
    title={Travis {D}ocker Image},
    howpublished={\url{https://hub.docker.com/r/travisci}},
    year = 2018,
}

@misc{tool:z3,
    title = {Z3 Theorem Prover},
    howpublished = {\url{https://z3.codeplex.com}},
    year = 2017,
}

% Books

@book{DuvallETALContinuousIntegration,
    author = {Duvall, Paul and Matyas, Stephen M. and Glover, Andrew},
    title = {Continuous Integration: Improving Software Quality and Reducing Risk},
    year = {2007},
    isbn = {0321336380},
    publisher = {Addison-Wesley Professional},
}

@book{GuilfordFundamentalStatistics,
    author = {Guilford, Joy P.},
    title = {Fundamental Statistics in Psychology and Education},
    year = {1973},
    isbn = {0070251487},
    publisher = {McGraw-Hill},
}

% Journal papers

@article{AndrewsETAL2006TSE,
    author = {Andrews, James H. and Briand, Lionel C. and Labiche, Yvan and Namin, Akbar Siami},
    title = {Using mutation analysis for assessing and comparing testing coverage criteria},
    journal = TSE,
    volume = {32},
    number = {8},
    year = {2006},
    pages = {608--624},
}

@article{ChenAndLau1998ISTa,
    author = {T. Y. Chen and M. F. Lau},
    title = {A new heuristic for test suite reduction},
    journal = IST,
    volume = {40},
    number = {5-6},
    year = {1998},
    pages = {347--354},
}

@article{ChenAndLau1998IST,
    author = {T. Y. Chen and M. F. Lau},
    title = {A simulation study on some heuristics for test suite reduction},
    journal = IST,
    volume = {40},
    number = {13},
    year = {1998},
    pages = {777--787},
}

@inproceedings{ChenETAL2018FSE,
    author = {Chen, Junjie and Lou, Yiling and Zhang, Lingming and Zhou, Jianyi and Wang, Xiaoleng and Hao, Dan and Zhang, Lu},
    title = {Optimizing test prioritization via test distribution analysis},
    booktitle = ESEC/FSE,
    year = {2018},
    pages = {656--667},
}

@article{DeMilloETAL1978Computer,
    author = {DeMillo, Richard A. and Lipton, Richard J. and Sayward, Frederick G.},
    title = {Hints on test data selection: {H}elp for the practicing programmer},
    journal = Computer,
    volume = {11},
    number = {4},
    year = {1978},
    pages = {34--41},
}

@article{GaoETAL2016TSE,
    author = {Gao, Zebao and Chen, Zhenyu and Zou, Yunxiao and Memon, Atif M.},
    title = {{SITAR}: {GUI} test script repair},
    journal = TSE,
    volume = {42},
    number = {2},
    year = {2016},
    pages = {170--186},
}

@article{Hamlet1977TSE,
    author = {Hamlet, Richard G.},
    title = {Testing programs with the aid of a compiler},
    journal = TSE,
    volume = {3},
    number = {4},
    year = {1977},
    pages = {279--290},
}

@article{HarroldETAL1993TOSEM,
    author = {Harrold, Mary Jean and Gupta, Rajiv and Soffa, Mary Lou},
    title = {A Methodology for Controlling the Size of a Test Suite},
    journal = TOSEM,
    volume = {2},
    number = {3},
    year = {1993},
    pages = {270--285},
}

@article{HarroldETAL2001TSE,
    author = {Harrold, Mary Jean and Rosenblum, David and Rothermel, Gregg and Weyuker, Elaine},
    title = {Empirical studies of a prediction model for regression test selection},
    journal = TSE,
    volume = {27},
    number = {3},
    year = {2001},
    pages = {248--263},
}

@article{JeffreyAndGupta2007TSE,
    author = {Jeffrey, Dennis and Gupta, Neelam},
    title = {Improving Fault Detection Capability by Selectively Retaining Test Cases During Test Suite Reduction},
    journal = TSE,
    volume = {33},
    number = {2},
    year = {2007},
    pages = {108--123},
}

@article{JiaAndHarman2011TSE,
    author = {Jia, Yue and Harman, Mark},
    title = {An analysis and survey of the development of mutation testing},
    journal = TSE,
    volume = {37},
    number = {5},
    year = {2011},
    pages = {649--678},
}

@article{Johnson1974JCSS,
    author = {Johnson, David S.},
    title = {Approximation algorithms for combinatorial problems},
    journal = JCSS,
    year = {1974},
    pages = {256--278},
}

@article{LiAndZhang2017OOPSLA,
    author = {Li, Xia and Zhang, Lingming},
    title = {Transforming programs and tests in tandem for fault localization},
    journal = PACMPL,
    volume = {1},
    number = {OOPSLA},
    year = {2017},
    pages = {92:1--92:30},
}

@article{LiETAL2007TSE,
    author = {Li, Zheng and Harman, Mark and Hierons, Robert M.},
    title = {Search algorithms for regression test case prioritization},
    journal = TSE,
    volume = {33},
    number = {4},
    year = {2007},
    pages = {225--237},
}

@article{LinAndHuang2009IST,
    author = {Lin, Jun-Wei and Huang, Chin-Yu},
    title = {Analysis of test suite reduction with enhanced tie-breaking techniques},
    journal = IST,
    volume = {51},
    number = {4},
    year = {2009},
    pages = {679--690},
}

@article{MattisAndHirschfeld2020Prog,
    author = {Mattis, Toni and Hirschfeld, Robert},
    title = {Lightweight Lexical Test Prioritization for Immediate Feedback},
    journal = PROG,
    volume = {4},
    year = {2020},
    pages = {12:1--12:32},
}

@article{McIntoshETAL2012ESEJ,
    author = {McIntosh, Shane and Adams, Bram and Hassan, Ahmed E.},
    title = {The evolution of {J}ava build systems},
    journal = ESEJ,
    volume = {17},
    LONGnumber = {},
    year = {2012},
    pages = {578--608},
}

@article{McIntoshETAL2014ESEJ,
    author = {McIntosh, Shane and Nagappan, Meiyappan and Adams, Bram and Mockus, Audris and Hassan, AhmedE.},
    title = {A Large-Scale Empirical Study of the Relationship between Build Technology and Build Maintenance},
    journal = ESEJ,
    volume = {20},
    LONGnumber = {},
    year = {2014},
    pages = {1587--1633},
}

@article{MonperrusCompSurv2018,
    author = {Monperrus, Martin},
    title = {Automatic software repair: {A} bibliography},
    journal = ACM_Survey,
    volume = {51},
    number = {1},
    year = {2018},
    pages = {17:1--17:24},
}

@article{OffuttETAL1996TOSEM,
    author = {Offutt, A. Jefferson and Lee, Ammei and Rothermel, Gregg and Untch, Roland H. and Zapf, Christian},
    title = {An Experimental Determination of Sufficient Mutant Operators},
    journal = TOSEM,
    volume = {5},
    number = {2},
    year = {1996},
    pages = {99--118},
}

@article{RosenblumAndWeyuker1997TSE,
    author = {Rosenblum, David S. and Weyuker, Elaine J.},
    title = {Using coverage information to predict the cost-effectiveness of regression testing strategies},
    journal = TSE,
    volume = {23},
    number = {3},
    year = {1997},
    pages = {146-156},
}

@article{RothermelAndHarrold1997TOSEM,
    author = {Rothermel, Gregg and Harrold, Mary Jean},
    title = {A safe, efficient regression test selection technique},
    journal = TOSEM,
    volume = {6},
    number = {2},
    year = {1997},
    pages = {173--210},
}

@article{RothermelETAL2002STVR,
    author = {Rothermel, Gregg and Harrold, Mary Jean and von Ronne, Jeffery and Hong, Christie},
    title = {Empirical studies of test-suite reduction},
    journal = STVR,
    volume = {12},
    number = {4},
    year = {2002},
    pages = {219--249},
}

@article{SchulteAndPrasad2013Computer,
    author = {Schulte, Wolfram and Prasad, Chandra},
    title = {Taking Control of Your Engineering Tools},
    journal = Computer,
    volume = {46},
    number = {11},
    year = {2013},
    pages = {63--66},
}

@article{ShiETAL2019OOPSLA,
    author = {Shi, August and Hadzi-Tanovic, Milica and Zhang, Lingming and Marinov, Darko and Legunsen, Owolabi},
    title = {Reflection-Aware Static Regression Test Selection},
    journal = PACMPL,
    volume = {3},
    number = {OOPSLA},
    year = {2019},
    pages = {187:1-187:29},
}
//Shanto Rahman

@misc{toy_project_1,
    title={Toy Project 1},
    howpublished={\url{https://github.com/shanto-Rahman/Byte-Code-Instrumentation/tree/master/dataset/dataRace}},
    year = 2021,
}
@misc{maven,
    title={Maven},
    howpublished={\url{https://maven.apache.org/}},
%    year = 2021,
}


@misc{toy_project_2,
    title={Toy Project 2},
    howpublished={\url{https://github.com/shanto-Rahman/DataRace-Toy-Project2}},
    year = 2021,
}

https://github.com/shanto-Rahman/Byte-Code-Instrumentation/blob/master/scripts/projects.csv

@misc{githubProjects,
    title={Open source github projects},
    howpublished={\url{https://github.com/shanto-Rahman/Byte-Code-Instrumentation/blob/master/scripts/projects.csv}},
    year = 2021,
}

@inproceedings{lin2015jacontebe,
  author={Lin, Ziyi and Marinov, Darko and Zhong, Hao and Chen, Yuting and Zhao, Jianjun},
  title={Jacontebe: A benchmark suite of real-world java concurrency bugs (T)},
  booktitle=ASE,
  year={2015},
  pages={178--189},
}



@inproceedings{kahlon2009ESEC,
  author={Kahlon, Vineet and Sinha, Nishant and Kruus, Erik and Zhang, Yun},
  title={Static data race detection for concurrent programs with asynchronous calls},
  booktitle=ESEC/FSE,
  year={2009},
  pages={13--22},
}

@inproceedings{naik2006PLDI,
  author={Naik, Mayur and Aiken, Alex and Whaley, John},
  title={Effective static race detection for Java},
  booktitle=PLDI,
  year={2006},
  pages={308--319},
}

@inproceedings{li2019efficient,
  author={Li, Guangpu and Lu, Shan and Musuvathi, Madanlal and Nath, Suman and Padhye, Rohan},
  title={Efficient scalable thread-safety-violation detection: finding thousands of concurrency bugs during testing},
  booktitle={Proceedings of the 27th ACM Symposium on Operating Systems Principles},
  year={2019},
  pages={162--180},
}


@article{pozniansky2007multirace,
  author={Pozniansky, Eli and Schuster, Assaf},
  title={MultiRace: efficient on-the-fly data race detection in multithreaded C++ programs},
  journal={Concurrency and Computation: Practice and Experience},
  volume={19},
  number={3},
  year={2007},
  pages={327--340},
}



@inproceedings{SilvaETAL2014ICPC,
    author = {Silva, Danilo and Terra, Ricardo and Valente, Marco Tulio},
    title = {Recommending automated extract method refactorings},
    booktitle = ICPC,
    year = {2014},
    pages = {146--156},
}

@article{TsantalisAndChatzigeorgiou2009TSE,
    author = {Tsantalis, Nikolaos and Chatzigeorgiou, Alexander},
    title = {Identification of move method refactoring opportunities},
    journal = TSE,
    volume = {35},
    number = {3},
    year = {2009},
    pages = {347--367},
}

@article{YooAndHarman2012STVR,
    author = {Yoo, Shin and Harman, Mark},
    title = {Regression Testing Minimization, Selection and Prioritization: A Survey},
    journal = STVR,
    volume = {22},
    number = {2},
    year = {2012},
    pages = {67--120},
}

@article{ZellerAndHildebrandtTSE2002,
    author = {Zeller, Andreas and Hildebrandt, Ralf},
    title = {Simplifying and isolating failure-inducing input},
    journal = TSE,
    volume = {28},
    number = {2},
    year = {2002},
    pages = {183--200},
}

@article{ZhongETAL2008IST,
    author = {Zhong, Hao and Zhang, Lu and Mei, Hong},
    title = {An Experimental Study of Four Typical Test Suite Reduction Techniques},
    journal = IST,
    volume = {50},
    number = {6},
    year = {2008},
    pages = {534--546},
}

% Conference papers

@inproceedings{AdamsETAL2012ICSM,
    author = {Adams, Bram and Suvorov, Roman and Nagappan, Meiyappan and Hassan, Ahmed E. and Zou, Ying},
    title = {An empirical study of build system migrations in practice: Case studies on {KDE} and the {Linux} kernel},
    booktitle = ICSM,
    year = {2012},
    pages = {160--169},
}

@inproceedings{AlaliETAL2008ICPC,
    author = {Alali, Abdulkareem and Kagdi, Huzefa and Maletic, Jonathan I.},
    title = {What's a typical commit? {A} characterization of open source software repositories},
    booktitle = ICPC,
    year = {2008},
    pages = {182--191},
}

@inproceedings{AllamanisETAL2014FSE,
    author = {Allamanis, Miltiadis and Barr, Earl T. and Bird, Christian and Sutton, Charles},
    title = {Learning natural coding conventions},
    booktitle = FSE,
    year = {2014},
    pages = {281--293},
}

@inproceedings{AlipourETAL2016ASE,
    author = {Alipour, Mohammad Amin and Shi, August and Gopinath, Rahul and Marinov, Darko and Groce, Alex},
    title = {Evaluating Non-adequate Test-Case Reduction},
    booktitle = ASE,
    year = {2016},
    pages = {16--26},
}

@inproceedings{BarrETAL2015ISSTA,
    author = {Barr, Earl T. and Harman, Mark and Jia, Yue and Marginean, Alexandru and Petke, Justyna},
    title = {Automated software transplantation},
    booktitle = ISSTA,
    year = {2015},
    pages = {257--269},
}

@inproceedings{BellAndKaiser2014ICSE,
    author = {Bell, Jonathan and Kaiser, Gail},
    title = {Unit test virtualization with {VMVM}},
    booktitle = ICSE,
    year = {2014},
    pages = {550--561},
}

@inproceedings{BellETAL2015FSE,
    author = {Bell, Jonathan and Kaiser, Gail and Melski, Eric and Dattatreya, Mohan},
    title = {Efficient Dependency Detection for Safe {Java} Test Acceleration},
    booktitle = FSE,
    year = {2015},
    pages = {770--781},
}

@inproceedings{BellETAL2018ICSE,
    author = {Bell, Jonathan and Legunsen, Owolabi and Hilton, Michael and Eloussi, Lamyaa and Yung, Tifany and Marinov, Darko},
    title = {{DeFlaker}: {A}utomatically detecting flaky tests},
    booktitle = ICSE,
    year = {2018},
    pages = {433--444},
}

@inproceedings{BellerETAL2017MSR,
    title = {{TravisTorrent}: Synthesizing {Travis CI} and {GitHub} for full-stack research on continuous integration},
    author = {Beller, Moritz and Gousios, Georgios and Zaidman, Andy},
    booktitle = MSR,
    year = {2017},
    pages = {447--450},
}

@inproceedings{BirdETAL2009MSR,
    author = {Bird, Christian and Rigby, Peter C. and Barr, Earl T. and Hamilton, David J. and German, Daniel M. and Devanbu, Prem},
    title = {The promises and perils of mining {Git}},
    booktitle = MSR,
    year = {2009},
    pages = {1--10},
}

@inproceedings{BjornerETAL2015TACAS,
    author    = {Nikolaj Bj{\o}rner and Anh{-}Dung Phan and Lars Fleckenstein},
    title     = {{\(\nu\)}Z - An Optimizing {SMT} Solver},
    booktitle = TACAS,
    year      = {2015},
    pages     = {194--199},
}

@inproceedings{BlackETAL2004ICSE,
    author = {Black, Jennifer and Melachrinoudis, Emanuel and Kaeli, David},
    title = {Bi-criteria models for all-uses test suite reduction},
    booktitle = ICSE,
    year = {2004},
    pages = {106--115},
}

@inproceedings{BorgesETAL2016PROMISE,
    author = {Borges, Hudson and Hora, Andre and Valente, Marco Tulio},
    title = {Predicting the popularity of {GitHub} repositories},
    booktitle = PROMISE,
    year = {2016},
    pages = {9:1--9:10},
}

@inproceedings{BrindescuETAL2014ICSE,
    author = {Brindescu, Caius and Codoban, Mihai and Shmarkatiuk, Sergii and Dig, Danny},
    title = {How do centralized and distributed version control systems impact software changes?},
    booktitle = ICSE,
    year = {2014},
    pages = {322--333}
}

@inproceedings{ChekamETAL2019FSE,
    author = {Chekam, Thierry Titcheu and Papadakis, Mike and Le Traon, Yves},
    title = {Mart: {A} Mutant Generation Tool for {LLVM}},
    booktitle = ESEC/FSE-Demo,
    year = {2019},
    pages = {1080--1084},
}

@inproceedings{ChenAndLau1995SQM,
    author = {T. Y. Chen and M. F. Lau},
    title = {Heuristics Towards the Optimization of the Size of a Test Suite},
    booktitle = SQM,
    year = {1995},
    pages = {415-424},
}

@inproceedings{ChenETAL2017ICST,
    author = {Chen, Junjie and  Bai, Yanwei and  Hao, Dan and Zhang, Lingming and Zhang, Lu and Xie, Bing},
    title = {How do assertions impact coverage-based test-suite reduction?},
    booktitle = ICST,
    year = {2017},
    pages = {418--423},
}

@inproceedings{DanielETAL2009ASE,
    author = {Daniel, Brett and Jagannath, Vilas and Dig, Danny and Marinov, Darko},
    title = {{ReAssert}: {S}uggesting repairs for broken unit tests},
    booktitle = ASE,
    year = {2009},
    pages = {433--444},
}

@inproceedings{DanielETAL2010ISSTA,
    author = {Daniel, Brett and Gvero, Tihomir and Marinov, Darko},
    title = {On test repair using symbolic execution},
    booktitle = ISSTA,
    year = 2010,
    pages = {207--218},
}

@inproceedings{DeMouraAndBjorner2008TACAS,
    author = {De Moura, Leonardo and Bj{\o}rner, Nikolaj},
    title = {Z3: An Efficient SMT Solver},
    booktitle = TACAS,
    year = {2008},
    pages = {337--340},
}

@inproceedings{DuttaETAL2020ISSTA,
    author = {Dutta, Saikat and Shi, August and Choudhary, Rutvik and Zhang, Zhekun and Jain, Aryaman and Misailovic Sasa},
    title = {Detecting Flaky Tests in Probabilistic and Machine Learning Applications},
    booktitle = ISSTA,
    year = {2020},
    pages = {211--224},
}

@inproceedings{ElbaumETAL2014FSE,
    author = {Elbaum, Sebastian and Rothermel, Gregg and Penix, John},
    title = {Techniques for Improving Regression Testing in Continuous Integration Development Environments},
    booktitle = FSE,
    year = {2014},
    pages = {235--245},
}

@inproceedings{EngstromETAL2009ESEM,
    author = {Engstr\"{o}m, Emelie and Skoglund, Mats and Runeson, Per},
    title = {Empirical evaluations of regression test selection techniques: {A} systematic review},
    booktitle = ESEM,
    year = {2008},
    pages = {22--31},
}

@inproceedings{EsfahaniETAL2016ICSE,
    author = {Esfahani, Hamed and Fietz, Jonas and Ke, Qi and Kolomiets, Alexei and Lan, Erica and Mavrinac, Erik and Schulte, Wolfram and Sanches, Newton and Kandula, Srikanth},
    title = {{CloudBuild}: Microsoft's Distributed and Caching Build Service},
    booktitle = ICSECompanion,
    year = {2016},
    pages = {11--20},
}

@inproceedings{FraserAndZeller2010ISSTA,
    author = {Fraser, Gordon and Zeller, Andreas},
    title = {Mutation-driven generation of unit tests and oracles},
    booktitle = ISSTA,
    year = {2010},
    pages = {147--158},
}

@inproceedings{GambiETAL2018ICST,
    author = {Gambi, Alessio and Bell, Jonathan and Zeller, Andreas},
    title = {Practical test dependency detection},
    booktitle = ICST,
    year = {2018},
    pages = {1-11},
}

@inproceedings{GaoETAL2015ICSE,
    author = {Gao, Zebao and Liang, Yalan and Cohen, Myra B. and Memon, Atif M. and Wang, Zhen},
    title = {Making system user interactive tests repeatable: {W}hen and what should we control?},
    booktitle = ICSE,
    year = {2015},
    pages = {55--65},
}

@inproceedings{GengETAL2016SBSE,
    author = {Geng, Jingyao and Li, Zheng and Zhao, Ruilian and Guo, Junxia},
    title = {Search based test suite minimization for fault detection and localization: A co-driven method},
    booktitle = SBSE,
    year = {2016},
    pages = {34--48},
}

@inproceedings{GhanbariETAL2019ISSTA,
    author = {Ghanbari, Ali and Benton, Samuel and Zhang, Lingming},
    title = {Practical program repair via bytecode mutation},
    booktitle = ISSTA,
    year = {2019},
    pages = {19--30},
}

@inproceedings{GligoricETAL2015ICSEDemo,
    author = {Gligoric, Milos and Eloussi, Lamyaa and Marinov, Darko},
    title = {Ekstazi: {L}ightweight Test Selection},
    booktitle = ICSE-Demo,
    year = {2015},
    pages = {713--716},
}

@inproceedings{GligoricETAL2015ISSTA,
    author = {Gligoric, Milos and Eloussi, Lamyaa and Marinov, Darko},
    title = {Practical Regression Test Selection with Dynamic File Dependencies},
    booktitle = ISSTA,
    year = {2015},
    pages = {211--222},
}

@inproceedings{GligoricETAL2017ICSE-NIER,
    author = {Gligoric, Milos and Khurshid, Sarfraz and Misailovic, Sasa and Shi, August},
    title = {Mutation Testing Meets Approximate Computing},
    booktitle = ICSE-NIER,
    year = {2017},
    pages = {3--6},
}

@inproceedings{GopinathETAL2014ICSE,
    author = {Gopinath, Rahul and Jensen, Carlos and Groce, Alex},
    title = {Code coverage for suite evaluation for developers},
    booktitle = ICSE,
    year = {2014},
    pages = {72--82}
}

@inproceedings{GotliebAndMarijan2014ISSTA,
    author = {Gotlieb, Arnaud and Marijan, Dusica},
    title = {{FLOWER}: Optimal test suite reduction as a network maximum flow},
    booktitle = ISSTA,
    year = {2014},
    pages = {171--180},
}

@inproceedings{GroceETAL2014ICST,
    author = {Groce, Alex and Alipour, Mohammed Amin and Zhang, Chaoqiang and Chen, Yang and Regehr, John},
    title = {Cause reduction for quick testing},
    booktitle = ICST,
    year = {2014},
    pages = {243--252},
}

@inproceedings{GroceETAL2018ICSEDemo,
    author = {Groce, Alex and Holmes, Josie and Marinov, Darko and Shi, August and Zhang, Lingming},
    title = {An Extensible, Regular-Expression-Based Tool for Multi-Language Mutant Generation},
    booktitle = ICSE-Demo,
    year = {2018},
    pages = {25--28},
}

@inproceedings{GyoriETAL2015ISSTA,
    title = {Reliable testing: Detecting state-polluting tests to prevent test dependency},
    author = {Gyori, Alex and Shi, August and Hariri, Farah and Marinov, Darko},
    booktitle = ISSTA,
    year = {2015},
    pages = {223--233},
}

@inproceedings{GyoriETAL2016FSEDemo,
    title = {{N}on{D}ex: {A} tool for detecting and debugging wrong assumptions on {J}ava {API} specifications},
    author = {Gyori, Alex and Lambeth, Ben and Shi, August and Legunsen, Owolabi and Marinov, Darko},
    booktitle = FSE-Demo,
    year = {2016},
    pages = {993--997},
}

@inproceedings{GyoriETAL2018ISSRE,
    title = {Evaluating Regression Test Selection Opportunities in a Very Large Open-Source Ecosystem},
    author = {Gyori, Alex and Legunsen, Owolabi and Hariri, Farah and Marinov, Darko},
    booktitle = ISSRE,
    year = {2018},
    pages = {112--122},
}

@inproceedings{HaoETAL2012ICSE,
    author = {Hao, Dan and Zhang, Lu and Wu, Xingxia and Mei, Hong and Rothermel, Gregg},
    title = {On-demand test suite reduction},
    booktitle = ICSE,
    year = {2012},
    pages = {738--748},
}

@inproceedings{HaririETAL2016ISSRE,
    author = {Hariri, Farah and Shi, August and Converse, Hayes and Marinov, Darko and Khurshid, Sarfraz},
    title = {Evaluating the Effects of Compiler Optimizations on Mutation Testing at the Compiler {IR} Level},
    booktitle = ISSRE,
    year = {2016},
    pages = {105--115},
}

@inproceedings{HaririETAL2018ICST,
    author = {Hariri, Farah and Shi, August and Legunsen, Owolabi and Gligoric, Milos and Khurshid, Sarfraz and Misailovic, Sasa},
    title = {Approximate Transformations as Mutation Operators},
    booktitle = ICST,
    year = {2018},
    pages = {285--296},
}

@inproceedings{HaririAndShi2018ASEDemo,
    author = {Hariri, Farah and Shi, August},
    title = {{SRCIROR}: {A} Toolset for Mutation Testing of {C} Source Code and {LLVM} Intermediate Representation},
    booktitle = ASE-Demo,
    year = {2018},
    pages = {860--863},
}

@inproceedings{HaririETAL2019ICST,
    author = {Hariri, Farah and Shi, August and Fernando, Vimuth and Mahmood, Suleman and Marinov, Darko},
    title = {Comparing Mutation Testing at the Levels of Source Code and Compiler Intermediate Representation},
    booktitle = ICST,
    year = {2019},
    pages = {114--124},
}

@inproceedings{HarmanAndOHearn2018SCAM,
    author = {Harman, Mark and O'Hearn, Peter},
    title = {From start-ups to scale-ups: Opportunities and open problems for static and dynamic program analysis},
    booktitle = SCAM,
    year = {2018},
    pages = {1-23},
}

@inproceedings{HarroldAndSoffa1988ICSM,
    author = {Harrold, Mary Jean and Soffa,Mary Lou},
    title = {An incremental approach to unit testing during maintenance},
    booktitle = ICSM,
    year = {1988},
    pages = {362--367},
}

@inproceedings{HarroldETAL2001OOPSLA,
    author = {Harrold, Mary Jean and Jones, James A. and Li, Tongyu and Liang, Donglin and Orso, Alessandro and Pennings, Maikel and Sinha, Saurabh and Spoon, S. Alexander and Gujarathi, Ashish},
    title = {Regression Test Selection for {J}ava Software},
    booktitle = OOPSLA,
    year = {2001},
    pages = {312--326},
}

@inproceedings{HassanAndWang2017ESEM,
    author = {Hassan, Foyzul and Wang, Xiaoyin},
    title = {Change-Aware Build Prediction Model for Stall Avoidance in Continuous Integration},
    booktitle = ESEM,
    year = {2017},
    pages = {157--162},
}

@inproceedings{HenardETAL2016ICSE,
    author = {Henard, Christopher and Papadakis, Mike and Harman, Mark and Jia, Yue and Traon, Yves Le},
    title = {Comparing white-box and black-box test prioritization}, 
    booktitle = ICSE,
    year = {2016},
    pages = {523--534},
}

@inproceedings{HerzigETAL2015ICSE,
    author = {Herzig, Kim and Greiler, Michaela and Czerwonka, Jacek and Murphy, Brendan},
    title = {The Art of Testing Less Without Sacrificing Quality},
    booktitle = ICSE,
    year = {2015},
    pages = {483--493},
}

@inproceedings{HerzigAndNagappan2015ICSE,
    author = {Herzig, Kim and Nagappan, Nachiappan},
    title = {Empirically detecting false test alarms using association rules},
    booktitle = ICSE,
    year = {2015},
    pages = {39--48},
}

@inproceedings{HiltonETAL2016ASE,
    author = {Hilton, Michael and Tunnell, Timothy and Huang, Kai and Marinov, Darko and Dig, Danny},
    title = {Usage, costs, and benefits of continuous integration in open-source projects},
    booktitle = ASE,
    year = {2016},
    pages = {426--437},
}

@inproceedings{HiltonETAL2017FSE,
    author = {Hilton, Michael and Nelson, Nicholas and Tunnell, Timothy and Marinov, Darko and Dig, Danny},
    title = {Trade-offs in continuous integration: {A}ssurance, security, and flexibility},
    booktitle = ESEC/FSE,
    year = {2017},
    pages = {197--207},

}

@InProceedings{HuoAndClause2014FSE,
    author = {Huo, Chen and Clause, James},
    title = {Improving oracle quality by detecting brittle assertions and unused inputs in tests},
    booktitle = FSE,
    year = {2014},
    pages = {621--631},
}

@inproceedings{JiangETAL2009ASE,
    author = {Jiang, Bo and Zhang, Zhenyu and Chan, Wing Kwong and Tse, T. H.},
    title = {Adaptive random test case prioritization},
    booktitle = ASE,
    year = {2009},
    pages = {233--244},
}

@inproceedings{JinAndServant2020ICSE,
    author = {Jin, Xianhao and Servant, Francisco},
    title = {A Cost-efficient Approach to Building in Continuous Integration},
    booktitle = ICSE,
    year = {2020},
    pages = {13--25},
}

@inproceedings{JonesAndHarrold2003ICSM,
    author = {Jones, James A. and Harrold, Mary Jean},
    title = {Test-suite reduction and prioritization for modified condition/decision coverage},
    booktitle = ICSM,
    year = {2001},
    pages = {92--102},
}

@inproceedings{JustETAL2014FSE,
    author = {Just, Ren{\'e} and Jalali, Darioush and Inozemtseva, Laura and Ernst, Michael D. and Holmes, Reid and Fraser, Gordon},
    title = {Are mutants a valid substitute for real faults in software testing?},
    booktitle = FSE,
    year = {2014},
    pages = {654--665},
}

@inproceedings{JustETAL2014ISSTA,
    author = {Just, Ren{\'e} and Jalali, Darioush and Ernst, Michael D.},
    title = {{Defects4J}: A database of existing faults to enable controlled testing studies for {J}ava programs},
    booktitle = ISSTA,
    year = {2014},
    pages = {437--440},
}

@inproceedings{JustETAL2014ISSTAa,
    author = {Just, Ren{\'e} and Ernst, Michael D. and Fraser, Gordon},
    title = {Efficient mutation analysis by propagating and partitioning infected execution states},
    booktitle = ISSTA,
    year = {2014},
    pages = {315--326},
}

@inproceedings{Just2014ISSTA,
    author = {Just, Ren{\'e}},
    title = {The {M}ajor mutation framework: {E}fficient and scalable mutation analysis for {J}ava},
    booktitle = ISSTA,
    year = {2014},
    pages = {433--436},
}

@inproceedings{KrafczykETAL2019PRECS,
    author = {Krafczyk, Matthew and Shi, August and Bhaskar, Adhithya and Marinov, Darko and Stodden, Victoria},
    title = {Scientific Tests and Continuous Integration Strategies to Enhance Reproducibility in the Scientific Software Context},
    booktitle=PRECS,
    year = {2019},
    pages = {23--28},
}

@inproceedings{LabuschagneETAL2017FSE,
    author = {Labuschagne, Adriaan and Inozemtseva, Laura and Holmes, Reid},
    title = {Measuring the cost of regression testing in practice: {A} study of {J}ava projects Using continuous integration},
    booktitle = ESEC/FSE,
    year = {2017},
    pages = {821--830},
}

@inproceedings{LamETAL2019ICST,
    author = {Lam, Wing and Oei, Reed and Shi, August and Marinov, Darko and Xie, Tao},
    title = {{iDFlakies}: {A} framework for detecting and partially classifying flaky tests},
    booktitle = ICST,
    year = {2019},
    pages = {312--322},
}

@inproceedings{LamETAL2019ISSTA,
    author ={Lam, Wing and Godefroid, Patrice and Nath, Suman and Santhiar, Anirudh and Thummalapenta, Suresh},
    title = {Root Causing Flaky Tests in a Large-Scale Industrial Setting},
    booktitle = ISSTA,
    year = {2019},
    pages = {101--111},
}

@inproceedings{LamETAL2020ICSE,
    author ={Lam, Wing and Mu\c{s}lu, Kivan\c{c} and Sajnani, Hitesh and Thummalapenta, Suresh},
    title = {A Study on the Lifecycle of Flaky Tests},
    booktitle = ICSE,
    year = {2020},
    pages = {1471--1482},
}

@inproceedings{LamETAL2020ISSTA,
    author = {Lam, Wing and Shi, August and Oei, Reed and Zhang, Sai and Ernst, Michael D. and Xie, Tao},
    title = {Dependent-Test-Aware Regression Testing Techniques},
    booktitle = ISSTA,
    year = {2020},
    pages = {298--311},
}

@inproceedings{LeGouesETAL2012ICSE,
    author = {Le Goues, Claire and Dewey-Vogt, Michael and Forrest, Stephanie and Weimer, Westley},
    title = {A systematic study of automated program repair: {F}ixing 55 out of 105 bugs for \$8 each},
    booktitle = ICSE,
    year = {2012},
    pages = {3--13},
}

@inproceedings{LegunsenETAL2016FSE,
    author = {Legunsen, Owolabi and Hariri, Farah and Shi, August and Lu, Yafeng and Zhang, Lingming and Marinov, Darko},
    title = {An Extensive Study of Static Regression Test Selection in Modern Software Evolution},
    booktitle = FSE,
    year = {2016},
    pages = {583--594},
}

@inproceedings{LegunsenETAL2017ASEDemo,
    author = {Legunsen, Owolabi and Shi, August and Marinov, Darko},
    title = {{STARTS}: {STA}tic {R}egression {T}est {S}election},
    booktitle = ASE-Demo,
    year = {2017},
    pages = {949--954},
}

@inproceedings{LongAndRinard2016POPL,
    author = {Long, Fan and Rinard, Martin},
    title = {Automatic patch generation by learning correct code},
    booktitle = POPL,
    year = {2016},
    pages = {298--312},
}

@inproceedings{LongETAL2017FSE,
    author = {Long, Fan and Amidon, Peter and Rinard, Martin},
    title = {Automatic inference of code transforms for patch generation},
    booktitle = ESEC/FSE,
    year = {2017},
    pages = {727--739},
}

@inproceedings{LuETAL2016ICSE,
    author = {Lu, Yafeng and Lou, Yiling and Cheng, Shiyang and Zhang, Lingming and Hao, Dan and Zhou, Yangfan and Zhang, Lu},
    title = {How does regression test prioritization perform in real-world software evolution?},
    booktitle = ICSE,
    year = {2016},
    pages = {535--546},
}

@inproceedings{LuoETAL2014FSE,
    author = {Luo, Qingzhou and Hariri, Farah and Eloussi, Lamyaa and Marinov, Darko},
    title = {An Empirical Analysis of Flaky Tests},
    booktitle = FSE,
    year = {2014},
    pages = {643--653},
}

@inproceedings{LuoETAL2016FSE,
  author = {Luo, Qi and Moran, Kevin and Poshyvanyk, Denys},
  title = {A large-scale empirical comparison of static and dynamic test case prioritization techniques},
  booktitle = FSE,
  year = {2016},
  pages = {559--570},
}

@inproceedings{MaETAL2005APPT,
    author = {Ma, Xue-ying and Sheng, Bin-kui and Ye, Cheng-qing},
    title = {Test-suite reduction using genetic algorithm},
    booktitle = APPT,
    year = {2005},
    pages = {253--262},
}

@inproceedings{MachalicaETAL2019ICSE-SEIP,
    author = {Machalica, Mateusz and Samylkin, Alex and Porth, Meredith and Chandra, Satish},
    title = {Predictive test selection},
    booktitle = ICSE-SEIP,
    year = {2019},
    pages = {91--100},
}

@inproceedings{MechtaevETAL2016ICSE,
    author = {Mechtaev, Sergey and Yi, Jooyong and Roychoudhury, Abhik},
    title = {Angelix: Scalable multiline program patch synthesis via symbolic analysis},
    booktitle = ICSE,
    year = {2016},
    pages = {691--701},
}

@inproceedings{MemonETAL2017ICSE-SEIP,
    author = {Memon, Atif and Gao, Zebao and Nguyen, Bao and Dhanda, Sanjeev and Nickell, Eric and Siemborski, Rob and Micco, John},
    title = {Taming {G}oogle-scale continuous testing},
    booktitle = ICSE-SEIP,
    year = {2017},
    pages = {233--242},
}

@inproceedings{MirzaaghaeiETAL2012ICST,
    author = {Mirzaaghaei, Mehdi and Pastore, Fabrizio and Pezz\`e, Mauro},
    title = {Supporting test suite evolution through test case adaptation},
    booktitle = ICST,
    year = {2012},
    pages = {231--240},
}

@inproceedings{MorgenthalerETAL2012MTD,
    author  = {Morgenthaler, J. David and Gridnev, Misha and Sauciuc, Raluca and Bhansali, Sanjay},
    title = {Searching for Build Debt: Experiences Managing Technical Debt at {Google}},
    booktitle = MTD,
    year  = 2012,
    pages = {1--6}
}

@inproceedings{MusluETAL2011FSE,
    author = {Mu\c{s}lu, Kivan\c{c} and Soran, Bilge and Wuttke, Jochen},
    title = {Finding bugs by isolating unit tests},
    booktitle = ESEC/FSE,
    year = {2011},
    pages = {496--499},
}

@inproceedings{NguyenETAL2013ICSE,
    author = {Nguyen, Hoang Duong Thien and Qi, Dawei and Roychoudhury, Abhik and Chandra, Satish},
    title = {Sem{F}ix: {P}rogram repair via semantic analysis},
    booktitle = ICSE,
    year = {2013},
    pages = {772--781},
}

@inproceedings{NiAndLi2017MSR,
    author = {Ni, Ansong and Li, Ming},
    title = {Cost-Effective Build Outcome Prediction Using Cascaded Classifiers},
    booktitle = MSR,
    year = {2017},
    pages = {455--458},
}

@inproceedings{OffuttETAL1995ICTCS,
    author = {Offutt, A Jefferson and Pan, Jie and Voas, Jeffrey M},
    title = {Procedures for reducing the size of coverage-based test sets},
    booktitle = ICTCS,
    year = {1995},
    pages = {111--123},
}

@inproceedings{OrsoETAL2004FSE,
    author = {Orso, Alessandro and Shi, Nanjuan and Harrold, Mary Jean},
    title = {Scaling regression testing to large software systems},
    booktitle = FSE,
    year = {2004},
    pages = {241--251},
}

@inproceedings{PapadakisAndMalevrisISSRE2010,
    author = {Papadakis, Mike and Malevris, Nicos},
    title = {Automatic mutation test case generation via dynamic symbolic execution},
    booktitle = ISSRE,
    year = {2010},
    pages = {121--130},
}

@inproceedings{PengETAL2020ISSTA,
    author = {Peng, Qianyang and Shi, August and Zhang, Lingming},
    title = {Empirically Revisiting and Enhancing {IR}-Based Test-Case Prioritization},
    booktitle = ISSTA,
    year = {2020},
    pages = {324--336},
}

@inproceedings{PintoETAL2012FSE,
    author = {Pinto, Leandro Sales and Sinha, Saurabh and Orso, Alessandro},
    title = {Understanding myths and realities of test-suite evolution},
    booktitle = FSE,
    year = {2012},
    pages = {33:1--33:11},
}

@inproceedings{RachatasumritAndKim2012ICSM,
    author    = {Rachatasumrit, Napol and Kim, Miryung},
    title     = {An empirical investigation into the impact of refactoring on regression testing},
    booktitle = ICSM,
    year      = {2012},
    pages     = {357--366},
}

@inproceedings{RosenblumAndWeyuker1996FSE,
    author = {Rosenblum, David S. and Weyuker, Elaine J.},
    title = {Predicting the cost-effectiveness of regression testing strategies},
    booktitle = FSE,
    year = {1996},
    pages = {118--126},
}

@inproceedings{RothermelAndHarrold1994ICSE,
    author = {Rothermel, Gregg and Harrold, Mary Jean},
    title = {A framework for evaluating regression test selection techniques},
    booktitle = ICSE,
    year = {1994},
    pages = {201--210},
}

@inproceedings{RothermelETAL1998ICSM,
    author = {Rothermel, Gregg and Harrold, Mary Jean and Ostrin, Jeffery and Hong, Christie},
    title = {An empirical study of the effects of minimization on the fault detection capabilities of test suites},
    booktitle = ICSM,
    year = {1998},
    pages = {34--43},
}

@inproceedings{RothermelETAL2002ICSE,
    author = {Rothermel, Gregg and Elbaum, Sebastian and Malishevsky, Alexey and Kallakuri, Praveen and Davia, Brian},
    title = {The impact of test suite granularity on the cost-effectiveness of regression testing},
    booktitle = ICSE,
    year = {2002},
    pages = {130--140},
}

@inproceedings{SaffAndErnst2003ISSRE,
    author = {Saff, David and Ernst, Michael D.},
    title = {Reducing wasted development time via continuous testing},
    booktitle = ISSRE,
    year = {2003},
    pages = {281--292},
}

@inproceedings{SaffAndErnst2004ISSTA,
    author = {Saff, David and Ernst, Michael D.},
    title = {An Experimental Evaluation of Continuous Testing during Development},
    booktitle = ISSTA,
    year = {2004},
    pages = {76--85},
}

@inproceedings{SahaETAL2015ICSE,
    author = {Saha, Ripon K. and Zhang, Lingming and Khurshid, Sarfraz and Perry, Dewayne E.},
    title = {An information retrieval approach for regression test prioritization based on program changes},
    booktitle = ICSE,
    year = {2015},
    pages = {268--279},
}

@inproceedings{ShiETAL2014FSE,
    author = {Shi, August and Gyori, Alex and Gligoric, Milos and Zaytsev, Andrey and Marinov, Darko},
    title = {Balancing trade-offs in test-suite reduction},
    booktitle = FSE,
    year = {2014},
    pages = {246--256},
}

@inproceedings{ShiETAL2015FSE,
    author = {Shi, August and Yung, Tifany and Gyori, Alex and Marinov, Darko},
    title = {Comparing and combining test-suite reduction and regression test selection},
    booktitle = ESEC/FSE,
    year = {2015},
    pages = {237--247},
}

@inproceedings{ShiETAL2016ICST,
    author = {Shi, August and Gyori, Alex and Legunsen, Owolabi and Marinov, Darko},
    title = {Detecting Assumptions on Deterministic Implementations of Non-deterministic Specifications},
    booktitle = ICST,
    year = {2016},
    pages = {80--90},
}

@inproceedings{ShiETAL2017ICSE,
    author = {Shi, August and Thummalapenta, Suresh and Lahiri, Shuvendu K. and Bj{\o}rner, Nikolaj and Czerwonka, Jacek},
    title = {Optimizing Test Placement for Module-Level Regression Testing},
    booktitle = ICSE,
    year = {2017},
    pages = {689--699},
}

@inproceedings{ShiETAL2018ISSTA,
    author = {Shi, August and Gyori, Alex and Mahmood, Suleman and Zhao, Peiyuan and Marinov, Darko},
    title = {Evaluating Test-Suite Reduction in Real Software Evolution},
    booktitle = ISSTA,
    year = {2018},
    pages = {84--94},
}

@inproceedings{ShiETAL2019FSE,
    author = {Shi, August and Lam, Wing and Oei, Reed and Xie, Tao and Marinov, Darko},
    title = {{iFixFlakies}: {A} Framework for Automatically Fixing Order-Dependent Flaky Tests},
    booktitle = ESEC/FSE,
    year = {2019},
    pages = {545--555},
}

@inproceedings{ShiETAL2019ISSRE,
    author = {Shi, August and Zhao, Peiyuan and Marinov, Darko},
    title = {Understanding and Improving Regression Test Selection in Continuous Integration},
    booktitle = ISSRE,
    year = {2019},
    pages = {228--238},
}

@inproceedings{ShiETAL2019ISSTA,
    author = {Shi, August and Bell, Jonathan and and Marinov, Darko},
    title = {Mitigating the effects of flaky tests on mutation testing},
    booktitle = ISSTA,
    year = {2019},
    pages = {112--122},
}

@inproceedings{SoaresETAL2011SBES,
    author = {Soares, Gustavo and Catao, Bruno and Varjao, Catuxe and Aguiar, Solon and Gheyi, Rohit and Massoni, Tiago},
    title = {Analyzing refactorings on software repositories},
    booktitle = SBES,
    year = {2011},
    pages = {164--173},
}

@inproceedings{SrivastavaAndThiagarajan2002ISSTA,
    author = {Srivastava, Amitabh and Thiagarajan, Jay},
    title = {Effectively Prioritizing Tests in Development Environment},
    booktitle = ISSTA,
    year = {2002},
    pages = {97--106},
}

@inproceedings{StoccoETAL2018FSE,
    author = {Stocco, Andrea and Yandrapally, Rahulkrishna and Mesbah, Ali},
    title = {Visual web test repair},
    booktitle = ESEC/FSE,
    year = {2018},
    pages = {503--514},
}

@inproceedings{TeleaAndVoinea2008CSMR,
    author = {Telea, Alexandru and Voinea, Lucian},
    title = {A Tool for Optimizing the Build Performance of Large Software Code Bases},
    booktitle = CSMR,
    year = {2008},
    pages = {323--325},
}

@inproceedings{ThorveETAL2018ICSME-NIER,
    author = {Thorve, Swapna and Shrestha, Chandani and Meng, Na},
    title = {An Empirical Study of Flaky Tests in {A}ndroid Apps},
    booktitle = ICSME-NIER,
    year = {2018},
    pages = {534--538},
}

@inproceedings{ThummalapentaETAL2013ICSE,
    author = {Thummalapenta, Suresh and Devaki, Pranavadatta and Sinha, Saurabh and Chandra, Satish and Gnanasundaram, Sivagami and Nagaraj, Deepa D. and Sathishkumar, Sampathkumar},
    title = {Efficient and change-resilient test automation: An industrial case study},
    booktitle = ICSE,
    year = {2013},
    pages = {1002--1011},
}

@inproceedings{UntchETAL1993ISSTA,
    author = {Untch, Roland H. and Offutt, A. Jefferson and Harrold, Mary Jean},
    title = {Mutation analysis using mutant schemata},
    booktitle = ISSTA,
    year = {1993},
    pages = {139--148},
}

@inproceedings{VakilianETAL2015ICSE,
    author = {Vakilian, Mohsen and Sauciuc, Raluca and Morgenthaler, J. David and Mirrokni, Vahab},
    title = {Automated decomposition of build targets},
    booktitle = ICSE,
    year = {2014},
    pages = {123--133},
}

@inproceedings{VasicETAL2017FSEDemo,
    author = {Vasic, Marko and Parvez, Zuhair and Milicevic, Aleksandar and Gligoric, Milos},
    title = {File-level vs. Module-level Regression Test Selection for {.NET}},
    booktitle = FSE-Demo,
    year = {2017},
    pages = {848--853},
}

@inproceedings{WeiETAL2010ISSTA,
    author = {Wei, Yi and Pei, Yu and Furia, Carlo A. and Silva, Lucas S. and Buchholz, Stefan and Meyer, Bertrand and Zeller, Andreas},
    title = {Automated fixing of programs with contracts},
    booktitle = ISSTA,
    year = {2010},
    pages = {61--72},
}

@inproceedings{WeimerETAL2009ICSE,
    author = {Weimer, Westley and Nguyen, ThanhVu and Le Goues, Claire and Forrest, Stephanie},
    title = {Automatically finding patches using genetic programming},
    booktitle = ICSE,
    year = {2009},
    pages = {364--374},
}

@inproceedings{WongETAL1995ICSE,
    author = {Wong, W. Eric and Horgan, Joseph R. and London, Saul and Mathur, Aditya P.},
    title = {Effect of Test Set Minimization on Fault Detection Effectiveness},
    booktitle = ICSE,
    year = {1995},
    pages = {41--50},
}

@inproceedings{WongETAL1997COMPSAC,
    author = {Wong, W. Eric and Horgan, Joseph R. and Mathur, Aditya P. and Pasquini, Alberto},
    title = {Test set size minimization and fault detection effectiveness: A case study in a space application},
    booktitle = COMPSAC,
    year = {1997},
    pages = {522--529},
}

@inproceedings{WrightETAL2013ICSM,
    author  = {Wright, Hyrum and Jasper, Daniel and Klimek, Manuel and Carruth, Chandler and Wan, Zhanyong},
    title = {Large-scale automated refactoring using {ClangMR}},
    booktitle = ICSM,
    year  = {2013},
    pages = {548--551},
}

@inproceedings{XieAndLi2018IJCAI,
    author = {Xie, Zheng and Li, Ming},
    title = {Cutting the Software Building Efforts in Continuous Integration by Semi-Supervised Online AUC Optimization},
    booktitle = IJCAI,
    year = {2018},
    pages = {2875--2881},
}

@inproceedings{YandrapallyETAL2014ISSTA,
    author = {Yandrapally, Rahulkrishna and Thummalapenta, Suresh and Sinha, Saurabh and Chandra, Satish},
    title = {Robust test automation using contextual clues},
    booktitle = ISSTA,
    year = {2014},
    pages = {304--314},
}

@inproceedings{YangETAL2012FM,
    author = {Yang, Guowei and Khurshid, Sarfraz and Kim, Miryung},
    title = {Specification-based test repair using a lightweight formal method},
    booktitle = FM,
    year = {2012},
    pages = {455--470},
}

@inproceedings{YooAndHarman2007ISSTA,
    author = {Yoo, Shin and Harman, Mark},
    title = {Pareto efficient multi-objective test case selection},
    booktitle = ISSTA,
    year = {2007},
    pages = {140--150},
}

@inproceedings{Zhang2018ICSE,
    author = {Zhang, Lingming},
    title = {Hybrid regression test selection},
    booktitle = ICSE,
    year = {2018},
    pages = {199--209},
}

@inproceedings{ZhangETAL2010ICSE,
    author = {Zhang, Lu and Hou, Shan-Shan and Hu, Jun-Jue and Xie, Tao and Mei, Hong},
    title = {Is operator-based mutant selection superior to random mutant selection?},
    booktitle = ICSE,
    year = {2010},
    pages = {435--444},
}

@inproceedings{ZhangETAL2011ISSRE,
    author = {Zhang, Lingming and Marinov, Darko and Zhang, Lu and Khurshid, Sarfraz},
    title = {An empirical study of {JUnit} test-suite reduction},
    booktitle = ISSRE,
    year = {2011},
    pages = {170--179},
}

@inproceedings{ZhangETAL2013ICSE,
  author = {Zhang, Lingming and Hao, Dan and Zhang, Lu and Rothermel, Gregg and Mei, Hong},
  title = {Bridging the gap between the total and additional test-case prioritization strategies},
  booktitle = ICSE,
  year = {2013},
  pages = {192--201},
}

@inproceedings{ZhangETAL2013ISSTA,
    author = {Zhang, Lingming and Marinov, Darko and Khurshid, Sarfraz},
    title = {Faster mutation testing inspired by test prioritization and reduction},
    booktitle = ISSTA,
    year = {2013},
    pages = {235--245},
}

@inproceedings{ZhangETAL2014ISSTA,
    author = {Zhang, Sai and Jalali, Darioush and Wuttke, Jochen and Mu{\c{s}}lu, K{\i}van{\c{c}} and Lam, Wing and Ernst, Michael D. and Notkin, David},
    title = {Empirically revisiting the test independence assumption},
    booktitle = ISSTA,
    year = {2014},
    pages = {385--396},
}

@inproceedings{ZhuETAL2019ICSE,
    author = {Zhu, Chenguang and Legunsen, Owolabi and Shi, August and Gligoric, Milos},
    title = {A Framework for Checking Regression Test Selection Tools},
    booktitle = ICSE,
    year = {2019},
    pages = {430--441},
}

@inproceedings{ZiftciAndReardon17ICSE,
    author = {Ziftci, Celal and Reardon, Jim},
    title = {Who broke the build?: {A}utomatically identifying changes that induce test failures in continuous integration at {G}oogle scale},
    booktitle = ICSE,
    year = {2017},
    pages = {113--122},
}

% Tech reports

@techreport{LamETAL2015TechReport,
    author = {Lam, Wing and Zhang, Sai and Ernst, Michael D.},
    title = {When tests collide: Evaluating and coping with the impact of test dependence},
    group = {csg},
    institution = {University of Washington, CSE},
    month = {03},
    Date-Added = {2015-03-01},
    number = {UW-CSE-15-03-01},
    year = {2015},
}

@techreport{WuttkeETAL2013TechReport,
    author = {Wuttke, Jochen and Mu{\c{s}}lu, K{\i}van{\c{c}} and Zhang, Sai and Notkin, David},
    title = {Test dependence: Theory and manifestation},
    group = {csg},
    institution = {University of Washington, CSE},
    month = {07},
    Date-Added = {2013-07-02},
    number = {UW-CSE-13-07-02},
    year = {2013},
}

